

@article{Cartiglia201783,
title = "Beam test results of a 16 ps timing system based on ultra-fast silicon detectors ",
journal = "Nucl. Instrum. Meth. A ",
volume = "850",
number = "",
pages = "83 - 88",
year = "2017",
note = "",
issn = "0168-9002",
doi = "https://doi.org/10.1016/j.nima.2017.01.021",
url = "http://www.sciencedirect.com/science/article/pii/S0168900217300219",
author = "{N. Cartiglia \textit{et al.}}",
}


@article{PELLEGRINI201412,
author = "G. Pellegrini and P. Fern\'andez-Martinez and M. Baselga and others",
title = "{Technology developments and first measurements of Low Gain Avalanche Detectors (LGAD) for high energy physics applications}",
journal        = "Nucl. Instrum. Meth.",
volume         = "A765",
number = "",
pages = "12 - 16",
year = "2014",
issn = "0168-9002",
doi = "http://dx.doi.org/10.1016/j.nima.2014.06.008",
url = "http://www.sciencedirect.com/science/article/pii/S0168900214007128",
keywords = "Silicon detectors",
keywords = "Avalanche multiplication",
keywords = "Radiation hardness"
}




@article{Apresyan:2018oln,
      author         = "Apresyan, A. and Xie, S. and Pena, C. and others",
      title          = "{Studies of Uniformity of 50 $\mu$m Low-Gain Avalanche
                        Detectors at the Fermilab Test Beam}",
      journal        = "Nucl. Instrum. Meth.",
      volume         = "A895",
      year           = "2018",
      pages          = "158-172",
      doi            = "10.1016/j.nima.2018.03.074",
      reportNumber   = "FERMILAB-PUB-18-299-PPD",
      SLACcitation   = "%%CITATION = NUIMA,A895,158;%%"
}

@article{Sadrozinski:2017qpv,
      author         = "Sadrozinski, Hartmut F. W. and Seiden, Abraham and
                        Cartiglia, Nicol√≤",
      title          = "{4D tracking with ultra-fast silicon detectors}",
      journal        = "Rept. Prog. Phys.",
      volume         = "81",
      year           = "2018",
      number         = "2",
      pages          = "026101",
      doi            = "10.1088/1361-6633/aa94d3",
      eprint         = "1704.08666",
      archivePrefix  = "arXiv",
      primaryClass   = "physics.ins-det",
      SLACcitation   = "%%CITATION = ARXIV:1704.08666;%%"
}

@ARTICLE{Spieler,
	author="{H. Spieler}",
	journal="{IEEE Transactions on Nuclear Science}",
	title="{Basic processing chains in capacitive sensors}",
	year={1982},
	volume={29},
	number={3},
	pages={1142-1158},
}

@book{Sansen,
	title={Low-Noise Wide-Band Amplifiers in Bipolar and CMOS Technologies},
	author={Zhong Yuan Chong and Willy Sansen},
	isbn={0-7923-9096-2},
	year={1991},
	publisher={Kluwer}
}

@article{Radeka,
	author = {Radeka, V},
	title = {Low-Noise Techniques in Detectors},
	journal = {Annual Review of Nuclear and Particle Science},
	volume = {38},
	number = {1},
	pages = {217-277},
	year = {1988},
	doi = {10.1146/annurev.ns.38.120188.001245},	
	URL = {https://doi.org/10.1146/annurev.ns.38.120188.001245},
	eprint = {https://doi.org/10.1146/annurev.ns.38.120188.001245}
}

@ARTICLE{Allaire_2018,
	author = {Allaire, C. and Benitez, J. and Bomben, M. and others},
	title = "{Beam test measurements of Low Gain Avalanche Detector single pads and arrays for the ATLAS High Granularity Timing Detector}",
	journal = {Journal of Instrumentation},
	keywords = {Physics - Instrumentation and Detectors, High Energy Physics - Experiment},
	year = "2018",
	month = "Jun",
	volume = {13},
	number = {6},
	pages = {P06017},
	doi = {10.1088/1748-0221/13/06/P06017},
	archivePrefix = {arXiv},
	eprint = {1804.00622},
	primaryClass = {physics.ins-det},
	adsurl = {https://ui.adsabs.harvard.edu/abs/2018JInst..13P6017A},
	adsnote = {Provided by the SAO/NASA Astrophysics Data System}
}

